<?xml version="1.0" encoding="utf-8"?>
<record xmlns="http://www.loc.gov/MARC21/slim" xmlns:xsi="http://www.w3.org/2001/XMLSchema-instance" xsi:schemaLocation="http://www.loc.gov/MARC21/slim http://www.loc.gov/standards/marcxml/schema/MARC21slim.xsd">
	<leader>
		02821nam a2200409   4500
	</leader>
	<controlfield tag="001">
		797109
	</controlfield>
	<controlfield tag="003">
		NjP
	</controlfield>
	<controlfield tag="006">
		m        d        
	</controlfield>
	<controlfield tag="007">
		cr cn |||m|||a
	</controlfield>
	<controlfield tag="008">
		151222s1990    ir      o     000 0 ara d
	</controlfield>
	<datafield ind1=" " ind2=" " tag="040">
		<subfield code="a">
			NNU
		</subfield>
		<subfield code="b">
			eng
		</subfield>
		<subfield code="c">
			NNU
		</subfield>
	</datafield>
	<datafield ind1="0" ind2="0" tag="050">
		<subfield code="a">
			PJ6161.T3463
		</subfield>
		<subfield code="b">
			M83 1990
		</subfield>
	</datafield>
	<datafield ind1="1" ind2=" " tag="100">
		<subfield code="6">
			880-01
		</subfield>
		<subfield code="a">
			Mudarris al-Afghānī, Muḥammad ʻAlī.
		</subfield>
	</datafield>
	<datafield ind1="1" ind2="3" tag="245">
		<subfield code="6">
			880-02
		</subfield>
		<subfield code="a">
			al-Mudarris al-afḍal fīmā yurmazu wa-yushāru ilayhi fī al-Muṭawwal
		</subfield>
		<subfield code="h">
			[electronic resource] /
		</subfield>
		<subfield code="c">
			taʼlīf Muḥammad ʻAlī al-Mudarris al-Afghānī.
		</subfield>
	</datafield>
	<datafield ind1=" " ind2=" " tag="250">
		<subfield code="6">
			880-03
		</subfield>
		<subfield code="a">
			al-Ṭabʻah 2.
		</subfield>
	</datafield>
	<datafield ind1=" " ind2=" " tag="260">
		<subfield code="6">
			880-04
		</subfield>
		<subfield code="a">
			Qum, Īrān :
		</subfield>
		<subfield code="b">
			Muʼassasat Dār al-Kitāb,
		</subfield>
		<subfield code="c">
			1410 [1990]
		</subfield>
	</datafield>
	<datafield ind1=" " ind2=" " tag="300">
		<subfield code="a">
			online resource (7 v.)
		</subfield>
	</datafield>
	<datafield ind1=" " ind2=" " tag="500">
		<subfield code="a">
			Part of the Arabic Collections Online (ACO) project, contributed by Princeton University Libraries.
		</subfield>
	</datafield>
	<datafield ind1=" " ind2=" " tag="533">
		<subfield code="a">
			Electronic reproduction.
		</subfield>
		<subfield code="b">
			New York, N.Y. :
		</subfield>
		<subfield code="c">
			New York University,
		</subfield>
		<subfield code="d">
			2015.
		</subfield>
		<subfield code="5">
			NNU
		</subfield>
	</datafield>
	<datafield ind1=" " ind2=" " tag="534">
		<subfield code="p">
			Reprint. Originally published:
		</subfield>
		<subfield code="c">
			al-Najaf : Maṭabaʻat al-Nuʻmān, 1967.
		</subfield>
	</datafield>
	<datafield ind1="1" ind2="0" tag="600">
		<subfield code="6">
			880-05
		</subfield>
		<subfield code="a">
			Taftāzānī, Masʻūd ibn ʻUmar,
		</subfield>
		<subfield code="c">
			1322-1389?
		</subfield>
		<subfield code="t">
			Muṭawwal.
		</subfield>
	</datafield>
	<datafield ind1="1" ind2="0" tag="600">
		<subfield code="6">
			880-06
		</subfield>
		<subfield code="a">
			Qazwīnī, Jalāl al-Dīn Muḥammad ibn ʻAbd al-Raḥmān,
		</subfield>
		<subfield code="d">
			1267 or 1268-1338.
		</subfield>
		<subfield code="t">
			Talkhīṣ al-Miftāḥ.
		</subfield>
	</datafield>
	<datafield ind1=" " ind2="0" tag="650">
		<subfield code="a">
			Arabic language
		</subfield>
		<subfield code="x">
			Rhetoric.
		</subfield>
	</datafield>
	<datafield ind1="1" ind2=" " tag="700">
		<subfield code="6">
			880-07
		</subfield>
		<subfield code="a">
			Taftāzānī, Masʻūd ibn ʻUmar,
		</subfield>
		<subfield code="d">
			1322-1389?
		</subfield>
		<subfield code="t">
			Muṭawwal.
		</subfield>
	</datafield>
	<datafield ind1="2" ind2=" " tag="710">
		<subfield code="a">
			Princeton University.
		</subfield>
		<subfield code="b">
			Library.
		</subfield>
	</datafield>
	<datafield ind1="0" ind2=" " tag="730">
		<subfield code="a">
			Arabic Collections Online.
		</subfield>
	</datafield>
	<datafield ind1="0" ind2="8" tag="776">
		<subfield code="i">
			Print version:
		</subfield>
		<subfield code="a">
			Mudarris al-Afghānī, Muḥammad ʻAlī.
		</subfield>
		<subfield code="t">
			al-Mudarris al-afḍal fīmā yurmazu wa-yushāru ilayhi fī al-Muṭawwal
		</subfield>
		<subfield code="w">
			(NjP)797109
		</subfield>
		<subfield code="w">
			(DLC)  91933791 
		</subfield>
		<subfield code="w">
			(OCoLC)22218871
		</subfield>
	</datafield>
	<datafield ind1="4" ind2="0" tag="856">
		<subfield code="u">
			http://hdl.handle.net/2333.1/gqnk9crc
		</subfield>
	</datafield>
	<datafield ind1="1" ind2=" " tag="880">
		<subfield code="6">
			100-01
		</subfield>
		<subfield code="a">
			محمد علي المدرس الافغاني.
		</subfield>
	</datafield>
	<datafield ind1="1" ind2="2" tag="880">
		<subfield code="6">
			245-02
		</subfield>
		<subfield code="a">
			المدرس الافضل فيما يرمز ويشار اليه في المطول /
		</subfield>
		<subfield code="c">
			تأليف محمد علي المدرس الافغاني.
		</subfield>
	</datafield>
	<datafield ind1=" " ind2=" " tag="880">
		<subfield code="6">
			250-03
		</subfield>
		<subfield code="a">
			الطبعة 2.
		</subfield>
	</datafield>
	<datafield ind1=" " ind2=" " tag="880">
		<subfield code="6">
			260-04
		</subfield>
		<subfield code="a">
			قم، ايران :
		</subfield>
		<subfield code="b">
			مؤسسة دار الكتاب،
		</subfield>
		<subfield code="c">
			1410 [1990]
		</subfield>
	</datafield>
	<datafield ind1="1" ind2="4" tag="880">
		<subfield code="6">
			600-05
		</subfield>
		<subfield code="a">
			تفتازاني، مسعود بن عمر.
		</subfield>
		<subfield code="t">
			مطول.
		</subfield>
	</datafield>
	<datafield ind1="1" ind2="4" tag="880">
		<subfield code="6">
			600-06
		</subfield>
		<subfield code="a">
			قزويني، جلال الدين محمد بن عبد الرحمن.
		</subfield>
		<subfield code="t">
			تلخيص المفاح.
		</subfield>
	</datafield>
	<datafield ind1="1" ind2=" " tag="880">
		<subfield code="6">
			700-07
		</subfield>
		<subfield code="a">
			تفتازاني، مسعود بن عمر،
		</subfield>
		<subfield code="d">
			1322-1389?
		</subfield>
		<subfield code="t">
			مطول.
		</subfield>
	</datafield>
	<datafield ind1=" " ind2=" " tag="959">
		<subfield code="a">
			NNU
		</subfield>
		<subfield code="b">
			WEB
		</subfield>
		<subfield code="c">
			GENI
		</subfield>
		<subfield code="t">
			0
		</subfield>
		<subfield code="m">
			Electronic access
		</subfield>
		<subfield code="s">
			01
		</subfield>
	</datafield>
	<datafield ind1=" " ind2=" " tag="999">
		<subfield code="i">
			NjP_797109
		</subfield>
		<subfield code="o">
			(OCoLC)ocm22218871
		</subfield>
		<subfield code="s">
			princeton_aco000044:juz.1
		</subfield>
		<subfield code="s">
			princeton_aco000045:juz.2
		</subfield>
		<subfield code="s">
			princeton_aco000046:juz.3
		</subfield>
		<subfield code="s">
			princeton_aco000047:juz.4
		</subfield>
		<subfield code="s">
			princeton_aco000048:juz.5
		</subfield>
		<subfield code="s">
			princeton_aco000049:juz.6
		</subfield>
		<subfield code="s">
			princeton_aco000043:juz.7
		</subfield>
		<subfield code="e">
			(ERROR-880)
		</subfield>
		<subfield code="s">
			princeton_aco000044:juz.1
		</subfield>
		<subfield code="s">
			princeton_aco000045:juz.2
		</subfield>
		<subfield code="s">
			princeton_aco000046:juz.3
		</subfield>
		<subfield code="s">
			princeton_aco000047:juz.4
		</subfield>
		<subfield code="s">
			princeton_aco000048:juz.5
		</subfield>
		<subfield code="s">
			princeton_aco000049:juz.6
		</subfield>
		<subfield code="s">
			princeton_aco000043:juz.7
		</subfield>
	</datafield>
</record>
